@article{O'shea:2014:NBD:2560566.2537046,
 author = {O'shea, James and Bandar, Zuhair and Crockett, Keeley},
 title = {A New Benchmark Dataset with Production Methodology for Short Text Semantic Similarity Algorithms},
 journal = {ACM Trans. Speech Lang. Process.},
 issue_date = {December 2013},
 volume = {10},
 number = {4},
 month = jan,
 year = {2014},
 issn = {1550-4875},
 pages = {19:1--19:63},
 articleno = {19},
 numpages = {63},
 url = {http://doi.acm.org/10.1145/2537046},
 doi = {10.1145/2537046},
 acmid = {2537046},
 publisher = {ACM},
 address = {New York, NY, USA},
 keywords = {Evaluation/methodology, conversational agents, semantic similarity, similarity measures, text analysis, text processing},
} 